%YAML 1.1
%TAG !u! tag:unity3d.com,2011:
--- !u!29 &1
OcclusionCullingSettings:
  m_ObjectHideFlags: 0
  serializedVersion: 2
  m_OcclusionBakeSettings:
    smallestOccluder: 5
    smallestHole: 0.25
    backfaceThreshold: 100
  m_SceneGUID: 00000000000000000000000000000000
  m_OcclusionCullingData: {fileID: 0}
--- !u!104 &2
RenderSettings:
  m_ObjectHideFlags: 0
  serializedVersion: 9
  m_Fog: 0
  m_FogColor: {r: 0.5, g: 0.5, b: 0.5, a: 1}
  m_FogMode: 3
  m_FogDensity: 0.01
  m_LinearFogStart: 0
  m_LinearFogEnd: 300
  m_AmbientSkyColor: {r: 0.212, g: 0.227, b: 0.259, a: 1}
  m_AmbientEquatorColor: {r: 0.114, g: 0.125, b: 0.133, a: 1}
  m_AmbientGroundColor: {r: 0.047, g: 0.043, b: 0.035, a: 1}
  m_AmbientIntensity: 1
  m_AmbientMode: 0
  m_SubtractiveShadowColor: {r: 0.42, g: 0.478, b: 0.627, a: 1}
  m_SkyboxMaterial: {fileID: 10304, guid: 0000000000000000f000000000000000, type: 0}
  m_HaloStrength: 0.5
  m_FlareStrength: 1
  m_FlareFadeSpeed: 3
  m_HaloTexture: {fileID: 0}
  m_SpotCookie: {fileID: 10001, guid: 0000000000000000e000000000000000, type: 0}
  m_DefaultReflectionMode: 0
  m_DefaultReflectionResolution: 128
  m_ReflectionBounces: 1
  m_ReflectionIntensity: 1
  m_CustomReflection: {fileID: 0}
  m_Sun: {fileID: 0}
  m_IndirectSpecularColor: {r: 0, g: 0, b: 0, a: 1}
  m_UseRadianceAmbientProbe: 0
--- !u!157 &3
LightmapSettings:
  m_ObjectHideFlags: 0
  serializedVersion: 11
  m_GIWorkflowMode: 0
  m_GISettings:
    serializedVersion: 2
    m_BounceScale: 1
    m_IndirectOutputScale: 1
    m_AlbedoBoost: 1
    m_EnvironmentLightingMode: 0
    m_EnableBakedLightmaps: 1
    m_EnableRealtimeLightmaps: 1
  m_LightmapEditorSettings:
    serializedVersion: 12
    m_Resolution: 2
    m_BakeResolution: 40
    m_AtlasSize: 1024
    m_AO: 0
    m_AOMaxDistance: 1
    m_CompAOExponent: 1
    m_CompAOExponentDirect: 0
    m_ExtractAmbientOcclusion: 0
    m_Padding: 2
    m_LightmapParameters: {fileID: 0}
    m_LightmapsBakeMode: 1
    m_TextureCompression: 1
    m_FinalGather: 0
    m_FinalGatherFiltering: 1
    m_FinalGatherRayCount: 256
    m_ReflectionCompression: 2
    m_MixedBakeMode: 2
    m_BakeBackend: 0
    m_PVRSampling: 1
    m_PVRDirectSampleCount: 32
    m_PVRSampleCount: 500
    m_PVRBounces: 2
    m_PVREnvironmentSampleCount: 500
    m_PVREnvironmentReferencePointCount: 2048
    m_PVRFilteringMode: 2
    m_PVRDenoiserTypeDirect: 0
    m_PVRDenoiserTypeIndirect: 0
    m_PVRDenoiserTypeAO: 0
    m_PVRFilterTypeDirect: 0
    m_PVRFilterTypeIndirect: 0
    m_PVRFilterTypeAO: 0
    m_PVREnvironmentMIS: 0
    m_PVRCulling: 1
    m_PVRFilteringGaussRadiusDirect: 1
    m_PVRFilteringGaussRadiusIndirect: 5
    m_PVRFilteringGaussRadiusAO: 2
    m_PVRFilteringAtrousPositionSigmaDirect: 0.5
    m_PVRFilteringAtrousPositionSigmaIndirect: 2
    m_PVRFilteringAtrousPositionSigmaAO: 1
    m_ExportTrainingData: 0
    m_TrainingDataDestination: TrainingData
    m_LightProbeSampleCountMultiplier: 4
  m_LightingDataAsset: {fileID: 0}
  m_UseShadowmask: 1
--- !u!196 &4
NavMeshSettings:
  serializedVersion: 2
  m_ObjectHideFlags: 0
  m_BuildSettings:
    serializedVersion: 2
    agentTypeID: 0
    agentRadius: 0.5
    agentHeight: 2
    agentSlope: 45
    agentClimb: 0.4
    ledgeDropHeight: 0
    maxJumpAcrossDistance: 0
    minRegionArea: 2
    manualCellSize: 0
    cellSize: 0.16666667
    manualTileSize: 0
    tileSize: 256
    accuratePlacement: 0
    debug:
      m_Flags: 0
  m_NavMeshData: {fileID: 0}
--- !u!1 &96199056
GameObject:
  m_ObjectHideFlags: 0
  m_CorrespondingSourceObject: {fileID: 0}
  m_PrefabInstance: {fileID: 0}
  m_PrefabAsset: {fileID: 0}
  serializedVersion: 6
  m_Component:
  - component: {fileID: 96199058}
  - component: {fileID: 96199057}
  m_Layer: 0
  m_Name: Directional Light
  m_TagString: Untagged
  m_Icon: {fileID: 0}
  m_NavMeshLayer: 0
  m_StaticEditorFlags: 0
  m_IsActive: 1
--- !u!108 &96199057
Light:
  m_ObjectHideFlags: 0
  m_CorrespondingSourceObject: {fileID: 0}
  m_PrefabInstance: {fileID: 0}
  m_PrefabAsset: {fileID: 0}
  m_GameObject: {fileID: 96199056}
  m_Enabled: 1
  serializedVersion: 10
  m_Type: 1
  m_Shape: 0
  m_Color: {r: 1, g: 0.95686275, b: 0.8392157, a: 1}
  m_Intensity: 1
  m_Range: 10
  m_SpotAngle: 30
  m_InnerSpotAngle: 21.80208
  m_CookieSize: 10
  m_Shadows:
    m_Type: 2
    m_Resolution: -1
    m_CustomResolution: -1
    m_Strength: 1
    m_Bias: 0.05
    m_NormalBias: 0.4
    m_NearPlane: 0.2
    m_CullingMatrixOverride:
      e00: 1
      e01: 0
      e02: 0
      e03: 0
      e10: 0
      e11: 1
      e12: 0
      e13: 0
      e20: 0
      e21: 0
      e22: 1
      e23: 0
      e30: 0
      e31: 0
      e32: 0
      e33: 1
    m_UseCullingMatrixOverride: 0
  m_Cookie: {fileID: 0}
  m_DrawHalo: 0
  m_Flare: {fileID: 0}
  m_RenderMode: 0
  m_CullingMask:
    serializedVersion: 2
    m_Bits: 4294967295
  m_RenderingLayerMask: 1
  m_Lightmapping: 4
  m_LightShadowCasterMode: 0
  m_AreaSize: {x: 1, y: 1}
  m_BounceIntensity: 1
  m_ColorTemperature: 6570
  m_UseColorTemperature: 0
  m_BoundingSphereOverride: {x: 0, y: 0, z: 0, w: 0}
  m_UseBoundingSphereOverride: 0
  m_ShadowRadius: 0
  m_ShadowAngle: 0
--- !u!4 &96199058
Transform:
  m_ObjectHideFlags: 0
  m_CorrespondingSourceObject: {fileID: 0}
  m_PrefabInstance: {fileID: 0}
  m_PrefabAsset: {fileID: 0}
  m_GameObject: {fileID: 96199056}
  m_LocalRotation: {x: 0.40821788, y: -0.23456968, z: 0.10938163, w: 0.8754261}
  m_LocalPosition: {x: 0, y: 3, z: 0}
  m_LocalScale: {x: 1, y: 1, z: 1}
  m_Children: []
  m_Father: {fileID: 0}
  m_RootOrder: 1
  m_LocalEulerAnglesHint: {x: 50, y: -30, z: 0}
--- !u!1001 &105643490
PrefabInstance:
  m_ObjectHideFlags: 0
  serializedVersion: 2
  m_Modification:
    m_TransformParent: {fileID: 122270761}
    m_Modifications:
    - target: {fileID: 400000, guid: 9679090caf3f86745a60d73004a02779, type: 3}
      propertyPath: m_LocalPosition.x
      value: 7.225165
      objectReference: {fileID: 0}
    - target: {fileID: 400000, guid: 9679090caf3f86745a60d73004a02779, type: 3}
      propertyPath: m_LocalPosition.y
      value: -0.6131196
      objectReference: {fileID: 0}
    - target: {fileID: 400000, guid: 9679090caf3f86745a60d73004a02779, type: 3}
      propertyPath: m_LocalPosition.z
      value: 6.012087
      objectReference: {fileID: 0}
    - target: {fileID: 400000, guid: 9679090caf3f86745a60d73004a02779, type: 3}
      propertyPath: m_LocalRotation.x
      value: -0.7071068
      objectReference: {fileID: 0}
    - target: {fileID: 400000, guid: 9679090caf3f86745a60d73004a02779, type: 3}
      propertyPath: m_LocalRotation.y
      value: -0
      objectReference: {fileID: 0}
    - target: {fileID: 400000, guid: 9679090caf3f86745a60d73004a02779, type: 3}
      propertyPath: m_LocalRotation.z
      value: -0
      objectReference: {fileID: 0}
    - target: {fileID: 400000, guid: 9679090caf3f86745a60d73004a02779, type: 3}
      propertyPath: m_LocalRotation.w
      value: 0.7071067
      objectReference: {fileID: 0}
    - target: {fileID: 400000, guid: 9679090caf3f86745a60d73004a02779, type: 3}
      propertyPath: m_RootOrder
      value: 2
      objectReference: {fileID: 0}
    - target: {fileID: 400000, guid: 9679090caf3f86745a60d73004a02779, type: 3}
      propertyPath: m_LocalScale.y
      value: 99.99997
      objectReference: {fileID: 0}
    - target: {fileID: 400000, guid: 9679090caf3f86745a60d73004a02779, type: 3}
      propertyPath: m_LocalScale.z
      value: 99.99997
      objectReference: {fileID: 0}
    m_RemovedComponents: []
  m_SourcePrefab: {fileID: 100100000, guid: 9679090caf3f86745a60d73004a02779, type: 3}
--- !u!4 &105643491 stripped
Transform:
  m_CorrespondingSourceObject: {fileID: 400000, guid: 9679090caf3f86745a60d73004a02779,
    type: 3}
  m_PrefabInstance: {fileID: 105643490}
  m_PrefabAsset: {fileID: 0}
--- !u!1 &122270760
GameObject:
  m_ObjectHideFlags: 0
  m_CorrespondingSourceObject: {fileID: 0}
  m_PrefabInstance: {fileID: 0}
  m_PrefabAsset: {fileID: 0}
  serializedVersion: 6
  m_Component:
  - component: {fileID: 122270761}
  m_Layer: 0
  m_Name: Clouds
  m_TagString: Untagged
  m_Icon: {fileID: 0}
  m_NavMeshLayer: 0
  m_StaticEditorFlags: 0
  m_IsActive: 1
--- !u!4 &122270761
Transform:
  m_ObjectHideFlags: 0
  m_CorrespondingSourceObject: {fileID: 0}
  m_PrefabInstance: {fileID: 0}
  m_PrefabAsset: {fileID: 0}
  m_GameObject: {fileID: 122270760}
  m_LocalRotation: {x: 0, y: 0, z: 0, w: 1}
  m_LocalPosition: {x: -0.7451649, y: 2.6331196, z: -2.6320868}
  m_LocalScale: {x: 1, y: 1, z: 1}
  m_Children:
  - {fileID: 1150399262}
  - {fileID: 870352925}
  - {fileID: 105643491}
  - {fileID: 335154228}
  - {fileID: 391908167}
  - {fileID: 365173581}
  - {fileID: 1306202090}
  - {fileID: 1532755754}
  - {fileID: 1557907499}
  - {fileID: 1997924949}
  - {fileID: 1358482903}
  - {fileID: 1981690676}
  - {fileID: 1416622406}
  - {fileID: 720480107}
  - {fileID: 641732615}
  - {fileID: 1108089825}
  - {fileID: 737850195}
  - {fileID: 1791811115}
  m_Father: {fileID: 0}
  m_RootOrder: 2
  m_LocalEulerAnglesHint: {x: 0, y: 0, z: 0}
--- !u!1001 &335154227
PrefabInstance:
  m_ObjectHideFlags: 0
  serializedVersion: 2
  m_Modification:
    m_TransformParent: {fileID: 122270761}
    m_Modifications:
    - target: {fileID: 400000, guid: 41e3a159f30f3dc45a8fb37e84150e94, type: 3}
      propertyPath: m_LocalPosition.x
      value: -3.7548351
      objectReference: {fileID: 0}
    - target: {fileID: 400000, guid: 41e3a159f30f3dc45a8fb37e84150e94, type: 3}
      propertyPath: m_LocalPosition.y
      value: -1.5431195
      objectReference: {fileID: 0}
    - target: {fileID: 400000, guid: 41e3a159f30f3dc45a8fb37e84150e94, type: 3}
      propertyPath: m_LocalPosition.z
      value: 0.50208664
      objectReference: {fileID: 0}
    - target: {fileID: 400000, guid: 41e3a159f30f3dc45a8fb37e84150e94, type: 3}
      propertyPath: m_LocalRotation.x
      value: -0.49991274
      objectReference: {fileID: 0}
    - target: {fileID: 400000, guid: 41e3a159f30f3dc45a8fb37e84150e94, type: 3}
      propertyPath: m_LocalRotation.y
      value: 0.50008726
      objectReference: {fileID: 0}
    - target: {fileID: 400000, guid: 41e3a159f30f3dc45a8fb37e84150e94, type: 3}
      propertyPath: m_LocalRotation.z
      value: 0.49991274
      objectReference: {fileID: 0}
    - target: {fileID: 400000, guid: 41e3a159f30f3dc45a8fb37e84150e94, type: 3}
      propertyPath: m_LocalRotation.w
      value: 0.50008726
      objectReference: {fileID: 0}
    - target: {fileID: 400000, guid: 41e3a159f30f3dc45a8fb37e84150e94, type: 3}
      propertyPath: m_RootOrder
      value: 3
      objectReference: {fileID: 0}
    - target: {fileID: 400000, guid: 41e3a159f30f3dc45a8fb37e84150e94, type: 3}
      propertyPath: m_LocalEulerAnglesHint.x
      value: -89.98
      objectReference: {fileID: 0}
    - target: {fileID: 400000, guid: 41e3a159f30f3dc45a8fb37e84150e94, type: 3}
      propertyPath: m_LocalEulerAnglesHint.y
      value: 90
      objectReference: {fileID: 0}
    m_RemovedComponents: []
  m_SourcePrefab: {fileID: 100100000, guid: 41e3a159f30f3dc45a8fb37e84150e94, type: 3}
--- !u!4 &335154228 stripped
Transform:
  m_CorrespondingSourceObject: {fileID: 400000, guid: 41e3a159f30f3dc45a8fb37e84150e94,
    type: 3}
  m_PrefabInstance: {fileID: 335154227}
  m_PrefabAsset: {fileID: 0}
--- !u!1001 &365173580
PrefabInstance:
  m_ObjectHideFlags: 0
  serializedVersion: 2
  m_Modification:
    m_TransformParent: {fileID: 122270761}
    m_Modifications:
    - target: {fileID: 400000, guid: 23098d2b2050aeb4696d5b68a73a19cf, type: 3}
      propertyPath: m_LocalPosition.x
      value: 4.2751646
      objectReference: {fileID: 0}
    - target: {fileID: 400000, guid: 23098d2b2050aeb4696d5b68a73a19cf, type: 3}
      propertyPath: m_LocalPosition.y
      value: -2.6331196
      objectReference: {fileID: 0}
    - target: {fileID: 400000, guid: 23098d2b2050aeb4696d5b68a73a19cf, type: 3}
      propertyPath: m_LocalPosition.z
      value: 4.9220867
      objectReference: {fileID: 0}
    - target: {fileID: 400000, guid: 23098d2b2050aeb4696d5b68a73a19cf, type: 3}
      propertyPath: m_LocalRotation.x
      value: -0
      objectReference: {fileID: 0}
    - target: {fileID: 400000, guid: 23098d2b2050aeb4696d5b68a73a19cf, type: 3}
      propertyPath: m_LocalRotation.y
      value: -0
      objectReference: {fileID: 0}
    - target: {fileID: 400000, guid: 23098d2b2050aeb4696d5b68a73a19cf, type: 3}
      propertyPath: m_LocalRotation.z
      value: -0
      objectReference: {fileID: 0}
    - target: {fileID: 400000, guid: 23098d2b2050aeb4696d5b68a73a19cf, type: 3}
      propertyPath: m_LocalRotation.w
      value: 1
      objectReference: {fileID: 0}
    - target: {fileID: 400000, guid: 23098d2b2050aeb4696d5b68a73a19cf, type: 3}
      propertyPath: m_RootOrder
      value: 5
      objectReference: {fileID: 0}
    m_RemovedComponents: []
  m_SourcePrefab: {fileID: 100100000, guid: 23098d2b2050aeb4696d5b68a73a19cf, type: 3}
--- !u!4 &365173581 stripped
Transform:
  m_CorrespondingSourceObject: {fileID: 400000, guid: 23098d2b2050aeb4696d5b68a73a19cf,
    type: 3}
  m_PrefabInstance: {fileID: 365173580}
  m_PrefabAsset: {fileID: 0}
--- !u!1001 &391908166
PrefabInstance:
  m_ObjectHideFlags: 0
  serializedVersion: 2
  m_Modification:
    m_TransformParent: {fileID: 122270761}
    m_Modifications:
    - target: {fileID: 400024, guid: 0cd14fef90c173942a34c6178bf6f15f, type: 3}
      propertyPath: m_LocalPosition.x
      value: -5.464835
      objectReference: {fileID: 0}
    - target: {fileID: 400024, guid: 0cd14fef90c173942a34c6178bf6f15f, type: 3}
      propertyPath: m_LocalPosition.y
      value: -2.6331196
      objectReference: {fileID: 0}
    - target: {fileID: 400024, guid: 0cd14fef90c173942a34c6178bf6f15f, type: 3}
      propertyPath: m_LocalPosition.z
      value: 9.302087
      objectReference: {fileID: 0}
    - target: {fileID: 400024, guid: 0cd14fef90c173942a34c6178bf6f15f, type: 3}
      propertyPath: m_LocalRotation.x
      value: -0
      objectReference: {fileID: 0}
    - target: {fileID: 400024, guid: 0cd14fef90c173942a34c6178bf6f15f, type: 3}
      propertyPath: m_LocalRotation.y
      value: -0
      objectReference: {fileID: 0}
    - target: {fileID: 400024, guid: 0cd14fef90c173942a34c6178bf6f15f, type: 3}
      propertyPath: m_LocalRotation.z
      value: -0
      objectReference: {fileID: 0}
    - target: {fileID: 400024, guid: 0cd14fef90c173942a34c6178bf6f15f, type: 3}
      propertyPath: m_LocalRotation.w
      value: 1
      objectReference: {fileID: 0}
    - target: {fileID: 400024, guid: 0cd14fef90c173942a34c6178bf6f15f, type: 3}
      propertyPath: m_RootOrder
      value: 4
      objectReference: {fileID: 0}
    m_RemovedComponents: []
  m_SourcePrefab: {fileID: 100100000, guid: 0cd14fef90c173942a34c6178bf6f15f, type: 3}
--- !u!4 &391908167 stripped
Transform:
  m_CorrespondingSourceObject: {fileID: 400024, guid: 0cd14fef90c173942a34c6178bf6f15f,
    type: 3}
  m_PrefabInstance: {fileID: 391908166}
  m_PrefabAsset: {fileID: 0}
--- !u!1001 &641732614
PrefabInstance:
  m_ObjectHideFlags: 0
  serializedVersion: 2
  m_Modification:
    m_TransformParent: {fileID: 122270761}
    m_Modifications:
    - target: {fileID: 400000, guid: a51d4fade2638cd4a8d6c05572474f3c, type: 3}
      propertyPath: m_LocalPosition.x
      value: 14.445165
      objectReference: {fileID: 0}
    - target: {fileID: 400000, guid: a51d4fade2638cd4a8d6c05572474f3c, type: 3}
      propertyPath: m_LocalPosition.y
      value: -2.6331196
      objectReference: {fileID: 0}
    - target: {fileID: 400000, guid: a51d4fade2638cd4a8d6c05572474f3c, type: 3}
      propertyPath: m_LocalPosition.z
      value: -4.8479133
      objectReference: {fileID: 0}
    - target: {fileID: 400000, guid: a51d4fade2638cd4a8d6c05572474f3c, type: 3}
      propertyPath: m_LocalRotation.x
      value: -0
      objectReference: {fileID: 0}
    - target: {fileID: 400000, guid: a51d4fade2638cd4a8d6c05572474f3c, type: 3}
      propertyPath: m_LocalRotation.y
      value: 0.7071068
      objectReference: {fileID: 0}
    - target: {fileID: 400000, guid: a51d4fade2638cd4a8d6c05572474f3c, type: 3}
      propertyPath: m_LocalRotation.z
      value: -0
      objectReference: {fileID: 0}
    - target: {fileID: 400000, guid: a51d4fade2638cd4a8d6c05572474f3c, type: 3}
      propertyPath: m_LocalRotation.w
      value: 0.7071068
      objectReference: {fileID: 0}
    - target: {fileID: 400000, guid: a51d4fade2638cd4a8d6c05572474f3c, type: 3}
      propertyPath: m_RootOrder
      value: 14
      objectReference: {fileID: 0}
    - target: {fileID: 400000, guid: a51d4fade2638cd4a8d6c05572474f3c, type: 3}
      propertyPath: m_LocalEulerAnglesHint.y
      value: 90
      objectReference: {fileID: 0}
    - target: {fileID: 400000, guid: a51d4fade2638cd4a8d6c05572474f3c, type: 3}
      propertyPath: m_LocalScale.x
      value: 1
      objectReference: {fileID: 0}
    - target: {fileID: 400000, guid: a51d4fade2638cd4a8d6c05572474f3c, type: 3}
      propertyPath: m_LocalScale.z
      value: 1
      objectReference: {fileID: 0}
    m_RemovedComponents: []
  m_SourcePrefab: {fileID: 100100000, guid: a51d4fade2638cd4a8d6c05572474f3c, type: 3}
--- !u!4 &641732615 stripped
Transform:
  m_CorrespondingSourceObject: {fileID: 400000, guid: a51d4fade2638cd4a8d6c05572474f3c,
    type: 3}
  m_PrefabInstance: {fileID: 641732614}
  m_PrefabAsset: {fileID: 0}
--- !u!1001 &720480106
PrefabInstance:
  m_ObjectHideFlags: 0
  serializedVersion: 2
  m_Modification:
    m_TransformParent: {fileID: 122270761}
    m_Modifications:
    - target: {fileID: 400000, guid: fdac3fb0bbc3c2647aa6d3788a5fe7ca, type: 3}
      propertyPath: m_LocalPosition.x
      value: -5.5348353
      objectReference: {fileID: 0}
    - target: {fileID: 400000, guid: fdac3fb0bbc3c2647aa6d3788a5fe7ca, type: 3}
      propertyPath: m_LocalPosition.y
      value: -3.7331195
      objectReference: {fileID: 0}
    - target: {fileID: 400000, guid: fdac3fb0bbc3c2647aa6d3788a5fe7ca, type: 3}
      propertyPath: m_LocalPosition.z
      value: -5.217913
      objectReference: {fileID: 0}
    - target: {fileID: 400000, guid: fdac3fb0bbc3c2647aa6d3788a5fe7ca, type: 3}
      propertyPath: m_LocalRotation.x
      value: -0
      objectReference: {fileID: 0}
    - target: {fileID: 400000, guid: fdac3fb0bbc3c2647aa6d3788a5fe7ca, type: 3}
      propertyPath: m_LocalRotation.y
      value: 0.7071068
      objectReference: {fileID: 0}
    - target: {fileID: 400000, guid: fdac3fb0bbc3c2647aa6d3788a5fe7ca, type: 3}
      propertyPath: m_LocalRotation.z
      value: -0
      objectReference: {fileID: 0}
    - target: {fileID: 400000, guid: fdac3fb0bbc3c2647aa6d3788a5fe7ca, type: 3}
      propertyPath: m_LocalRotation.w
      value: 0.7071068
      objectReference: {fileID: 0}
    - target: {fileID: 400000, guid: fdac3fb0bbc3c2647aa6d3788a5fe7ca, type: 3}
      propertyPath: m_RootOrder
      value: 13
      objectReference: {fileID: 0}
    - target: {fileID: 400000, guid: fdac3fb0bbc3c2647aa6d3788a5fe7ca, type: 3}
      propertyPath: m_LocalEulerAnglesHint.y
      value: 90
      objectReference: {fileID: 0}
    - target: {fileID: 400000, guid: fdac3fb0bbc3c2647aa6d3788a5fe7ca, type: 3}
      propertyPath: m_LocalScale.x
      value: 1
      objectReference: {fileID: 0}
    - target: {fileID: 400000, guid: fdac3fb0bbc3c2647aa6d3788a5fe7ca, type: 3}
      propertyPath: m_LocalScale.z
      value: 1
      objectReference: {fileID: 0}
    m_RemovedComponents: []
  m_SourcePrefab: {fileID: 100100000, guid: fdac3fb0bbc3c2647aa6d3788a5fe7ca, type: 3}
--- !u!4 &720480107 stripped
Transform:
  m_CorrespondingSourceObject: {fileID: 400000, guid: fdac3fb0bbc3c2647aa6d3788a5fe7ca,
    type: 3}
  m_PrefabInstance: {fileID: 720480106}
  m_PrefabAsset: {fileID: 0}
--- !u!1 &726807996
GameObject:
  m_ObjectHideFlags: 0
  m_CorrespondingSourceObject: {fileID: 0}
  m_PrefabInstance: {fileID: 0}
  m_PrefabAsset: {fileID: 0}
  serializedVersion: 6
  m_Component:
  - component: {fileID: 726808001}
  - component: {fileID: 726808000}
  - component: {fileID: 726807998}
  - component: {fileID: 726807997}
  m_Layer: 0
  m_Name: Main Camera
  m_TagString: MainCamera
  m_Icon: {fileID: 0}
  m_NavMeshLayer: 0
  m_StaticEditorFlags: 0
  m_IsActive: 1
--- !u!81 &726807997
AudioListener:
  m_ObjectHideFlags: 0
  m_CorrespondingSourceObject: {fileID: 0}
  m_PrefabInstance: {fileID: 0}
  m_PrefabAsset: {fileID: 0}
  m_GameObject: {fileID: 726807996}
  m_Enabled: 1
--- !u!124 &726807998
Behaviour:
  m_ObjectHideFlags: 0
  m_CorrespondingSourceObject: {fileID: 0}
  m_PrefabInstance: {fileID: 0}
  m_PrefabAsset: {fileID: 0}
  m_GameObject: {fileID: 726807996}
  m_Enabled: 1
--- !u!20 &726808000
Camera:
  m_ObjectHideFlags: 0
  m_CorrespondingSourceObject: {fileID: 0}
  m_PrefabInstance: {fileID: 0}
  m_PrefabAsset: {fileID: 0}
  m_GameObject: {fileID: 726807996}
  m_Enabled: 1
  serializedVersion: 2
  m_ClearFlags: 1
  m_BackGroundColor: {r: 0.19215687, g: 0.3019608, b: 0.4745098, a: 0}
  m_projectionMatrixMode: 1
  m_GateFitMode: 2
  m_FOVAxisMode: 0
  m_SensorSize: {x: 36, y: 24}
  m_LensShift: {x: 0, y: 0}
  m_FocalLength: 50
  m_NormalizedViewPortRect:
    serializedVersion: 2
    x: 0
    y: 0
    width: 1
    height: 1
  near clip plane: 0.3
  far clip plane: 1000
  field of view: 60
  orthographic: 0
  orthographic size: 5
  m_Depth: -1
  m_CullingMask:
    serializedVersion: 2
    m_Bits: 4294967295
  m_RenderingPath: -1
  m_TargetTexture: {fileID: 0}
  m_TargetDisplay: 0
  m_TargetEye: 3
  m_HDR: 1
  m_AllowMSAA: 1
  m_AllowDynamicResolution: 0
  m_ForceIntoRT: 0
  m_OcclusionCulling: 1
  m_StereoConvergence: 10
  m_StereoSeparation: 0.022
--- !u!4 &726808001
Transform:
  m_ObjectHideFlags: 0
  m_CorrespondingSourceObject: {fileID: 0}
  m_PrefabInstance: {fileID: 0}
  m_PrefabAsset: {fileID: 0}
  m_GameObject: {fileID: 726807996}
  m_LocalRotation: {x: 0.35508704, y: -0, z: -0, w: 0.9348333}
  m_LocalPosition: {x: 1.5, y: 20.5, z: -22.2}
  m_LocalScale: {x: 1, y: 1, z: 1}
  m_Children: []
  m_Father: {fileID: 0}
  m_RootOrder: 0
  m_LocalEulerAnglesHint: {x: 41.598003, y: 0, z: 0}
--- !u!1001 &737850194
PrefabInstance:
  m_ObjectHideFlags: 0
  serializedVersion: 2
  m_Modification:
    m_TransformParent: {fileID: 122270761}
    m_Modifications:
    - target: {fileID: 400000, guid: 7413d31d7d9324b4183697abcaba95a9, type: 3}
      propertyPath: m_LocalPosition.x
      value: -9.924835
      objectReference: {fileID: 0}
    - target: {fileID: 400000, guid: 7413d31d7d9324b4183697abcaba95a9, type: 3}
      propertyPath: m_LocalPosition.y
      value: -2.5831196
      objectReference: {fileID: 0}
    - target: {fileID: 400000, guid: 7413d31d7d9324b4183697abcaba95a9, type: 3}
      propertyPath: m_LocalPosition.z
      value: 3.4820867
      objectReference: {fileID: 0}
    - target: {fileID: 400000, guid: 7413d31d7d9324b4183697abcaba95a9, type: 3}
      propertyPath: m_LocalRotation.x
      value: -0.49991274
      objectReference: {fileID: 0}
    - target: {fileID: 400000, guid: 7413d31d7d9324b4183697abcaba95a9, type: 3}
      propertyPath: m_LocalRotation.y
      value: 0.50008726
      objectReference: {fileID: 0}
    - target: {fileID: 400000, guid: 7413d31d7d9324b4183697abcaba95a9, type: 3}
      propertyPath: m_LocalRotation.z
      value: 0.49991274
      objectReference: {fileID: 0}
    - target: {fileID: 400000, guid: 7413d31d7d9324b4183697abcaba95a9, type: 3}
      propertyPath: m_LocalRotation.w
      value: 0.50008726
      objectReference: {fileID: 0}
    - target: {fileID: 400000, guid: 7413d31d7d9324b4183697abcaba95a9, type: 3}
      propertyPath: m_RootOrder
      value: 16
      objectReference: {fileID: 0}
    - target: {fileID: 400000, guid: 7413d31d7d9324b4183697abcaba95a9, type: 3}
      propertyPath: m_LocalEulerAnglesHint.x
      value: -89.98
      objectReference: {fileID: 0}
    - target: {fileID: 400000, guid: 7413d31d7d9324b4183697abcaba95a9, type: 3}
      propertyPath: m_LocalEulerAnglesHint.y
      value: 90
      objectReference: {fileID: 0}
    m_RemovedComponents: []
  m_SourcePrefab: {fileID: 100100000, guid: 7413d31d7d9324b4183697abcaba95a9, type: 3}
--- !u!4 &737850195 stripped
Transform:
  m_CorrespondingSourceObject: {fileID: 400000, guid: 7413d31d7d9324b4183697abcaba95a9,
    type: 3}
  m_PrefabInstance: {fileID: 737850194}
  m_PrefabAsset: {fileID: 0}
--- !u!1001 &870352924
PrefabInstance:
  m_ObjectHideFlags: 0
  serializedVersion: 2
  m_Modification:
    m_TransformParent: {fileID: 122270761}
    m_Modifications:
    - target: {fileID: 400000, guid: e60db7429115ce04f9bddee198906b42, type: 3}
      propertyPath: m_LocalPosition.x
      value: 4.815165
      objectReference: {fileID: 0}
    - target: {fileID: 400000, guid: e60db7429115ce04f9bddee198906b42, type: 3}
      propertyPath: m_LocalPosition.y
      value: -2.6331196
      objectReference: {fileID: 0}
    - target: {fileID: 400000, guid: e60db7429115ce04f9bddee198906b42, type: 3}
      propertyPath: m_LocalPosition.z
      value: 12.972087
      objectReference: {fileID: 0}
    - target: {fileID: 400000, guid: e60db7429115ce04f9bddee198906b42, type: 3}
      propertyPath: m_LocalRotation.x
      value: -0
      objectReference: {fileID: 0}
    - target: {fileID: 400000, guid: e60db7429115ce04f9bddee198906b42, type: 3}
      propertyPath: m_LocalRotation.y
      value: -0
      objectReference: {fileID: 0}
    - target: {fileID: 400000, guid: e60db7429115ce04f9bddee198906b42, type: 3}
      propertyPath: m_LocalRotation.z
      value: -0
      objectReference: {fileID: 0}
    - target: {fileID: 400000, guid: e60db7429115ce04f9bddee198906b42, type: 3}
      propertyPath: m_LocalRotation.w
      value: 1
      objectReference: {fileID: 0}
    - target: {fileID: 400000, guid: e60db7429115ce04f9bddee198906b42, type: 3}
      propertyPath: m_RootOrder
      value: 1
      objectReference: {fileID: 0}
    m_RemovedComponents: []
  m_SourcePrefab: {fileID: 100100000, guid: e60db7429115ce04f9bddee198906b42, type: 3}
--- !u!4 &870352925 stripped
Transform:
  m_CorrespondingSourceObject: {fileID: 400000, guid: e60db7429115ce04f9bddee198906b42,
    type: 3}
  m_PrefabInstance: {fileID: 870352924}
  m_PrefabAsset: {fileID: 0}
--- !u!1001 &1108089824
PrefabInstance:
  m_ObjectHideFlags: 0
  serializedVersion: 2
  m_Modification:
    m_TransformParent: {fileID: 122270761}
    m_Modifications:
    - target: {fileID: 400000, guid: 91cc7dd20ab320140bc3eb962ca79c19, type: 3}
      propertyPath: m_LocalPosition.x
      value: 15.345165
      objectReference: {fileID: 0}
    - target: {fileID: 400000, guid: 91cc7dd20ab320140bc3eb962ca79c19, type: 3}
      propertyPath: m_LocalPosition.y
      value: -2.6331196
      objectReference: {fileID: 0}
    - target: {fileID: 400000, guid: 91cc7dd20ab320140bc3eb962ca79c19, type: 3}
      propertyPath: m_LocalPosition.z
      value: 13.032086
      objectReference: {fileID: 0}
    - target: {fileID: 400000, guid: 91cc7dd20ab320140bc3eb962ca79c19, type: 3}
      propertyPath: m_LocalRotation.x
      value: -0
      objectReference: {fileID: 0}
    - target: {fileID: 400000, guid: 91cc7dd20ab320140bc3eb962ca79c19, type: 3}
      propertyPath: m_LocalRotation.y
      value: 0.7071068
      objectReference: {fileID: 0}
    - target: {fileID: 400000, guid: 91cc7dd20ab320140bc3eb962ca79c19, type: 3}
      propertyPath: m_LocalRotation.z
      value: -0
      objectReference: {fileID: 0}
    - target: {fileID: 400000, guid: 91cc7dd20ab320140bc3eb962ca79c19, type: 3}
      propertyPath: m_LocalRotation.w
      value: 0.7071068
      objectReference: {fileID: 0}
    - target: {fileID: 400000, guid: 91cc7dd20ab320140bc3eb962ca79c19, type: 3}
      propertyPath: m_RootOrder
      value: 15
      objectReference: {fileID: 0}
    - target: {fileID: 400000, guid: 91cc7dd20ab320140bc3eb962ca79c19, type: 3}
      propertyPath: m_LocalEulerAnglesHint.y
      value: 90
      objectReference: {fileID: 0}
    - target: {fileID: 400000, guid: 91cc7dd20ab320140bc3eb962ca79c19, type: 3}
      propertyPath: m_LocalScale.x
      value: 1
      objectReference: {fileID: 0}
    - target: {fileID: 400000, guid: 91cc7dd20ab320140bc3eb962ca79c19, type: 3}
      propertyPath: m_LocalScale.z
      value: 1
      objectReference: {fileID: 0}
    m_RemovedComponents: []
  m_SourcePrefab: {fileID: 100100000, guid: 91cc7dd20ab320140bc3eb962ca79c19, type: 3}
--- !u!4 &1108089825 stripped
Transform:
  m_CorrespondingSourceObject: {fileID: 400000, guid: 91cc7dd20ab320140bc3eb962ca79c19,
    type: 3}
  m_PrefabInstance: {fileID: 1108089824}
  m_PrefabAsset: {fileID: 0}
--- !u!1001 &1150399261
PrefabInstance:
  m_ObjectHideFlags: 0
  serializedVersion: 2
  m_Modification:
    m_TransformParent: {fileID: 122270761}
    m_Modifications:
    - target: {fileID: 400000, guid: 7274590afef0f0645bb6909cd5a34f17, type: 3}
      propertyPath: m_LocalPosition.x
      value: 0.7451649
      objectReference: {fileID: 0}
    - target: {fileID: 400000, guid: 7274590afef0f0645bb6909cd5a34f17, type: 3}
      propertyPath: m_LocalPosition.y
      value: -2.6331196
      objectReference: {fileID: 0}
    - target: {fileID: 400000, guid: 7274590afef0f0645bb6909cd5a34f17, type: 3}
      propertyPath: m_LocalPosition.z
      value: 18.242086
      objectReference: {fileID: 0}
    - target: {fileID: 400000, guid: 7274590afef0f0645bb6909cd5a34f17, type: 3}
      propertyPath: m_LocalRotation.x
      value: -0
      objectReference: {fileID: 0}
    - target: {fileID: 400000, guid: 7274590afef0f0645bb6909cd5a34f17, type: 3}
      propertyPath: m_LocalRotation.y
      value: 0.7071068
      objectReference: {fileID: 0}
    - target: {fileID: 400000, guid: 7274590afef0f0645bb6909cd5a34f17, type: 3}
      propertyPath: m_LocalRotation.z
      value: -0
      objectReference: {fileID: 0}
    - target: {fileID: 400000, guid: 7274590afef0f0645bb6909cd5a34f17, type: 3}
      propertyPath: m_LocalRotation.w
      value: 0.7071068
      objectReference: {fileID: 0}
    - target: {fileID: 400000, guid: 7274590afef0f0645bb6909cd5a34f17, type: 3}
      propertyPath: m_RootOrder
      value: 0
      objectReference: {fileID: 0}
    - target: {fileID: 400000, guid: 7274590afef0f0645bb6909cd5a34f17, type: 3}
      propertyPath: m_LocalEulerAnglesHint.y
      value: 90
      objectReference: {fileID: 0}
    - target: {fileID: 400000, guid: 7274590afef0f0645bb6909cd5a34f17, type: 3}
      propertyPath: m_LocalScale.x
      value: 1
      objectReference: {fileID: 0}
    - target: {fileID: 400000, guid: 7274590afef0f0645bb6909cd5a34f17, type: 3}
      propertyPath: m_LocalScale.z
      value: 1
      objectReference: {fileID: 0}
    m_RemovedComponents: []
  m_SourcePrefab: {fileID: 100100000, guid: 7274590afef0f0645bb6909cd5a34f17, type: 3}
--- !u!4 &1150399262 stripped
Transform:
  m_CorrespondingSourceObject: {fileID: 400000, guid: 7274590afef0f0645bb6909cd5a34f17,
    type: 3}
  m_PrefabInstance: {fileID: 1150399261}
  m_PrefabAsset: {fileID: 0}
--- !u!1001 &1306202089
PrefabInstance:
  m_ObjectHideFlags: 0
  serializedVersion: 2
  m_Modification:
    m_TransformParent: {fileID: 122270761}
    m_Modifications:
    - target: {fileID: 400000, guid: c88d8ed4385f1184a8fdd6d7fca8451e, type: 3}
      propertyPath: m_LocalPosition.x
      value: 8.615165
      objectReference: {fileID: 0}
    - target: {fileID: 400000, guid: c88d8ed4385f1184a8fdd6d7fca8451e, type: 3}
      propertyPath: m_LocalPosition.y
      value: -2.6331196
      objectReference: {fileID: 0}
    - target: {fileID: 400000, guid: c88d8ed4385f1184a8fdd6d7fca8451e, type: 3}
      propertyPath: m_LocalPosition.z
      value: -3.5379133
      objectReference: {fileID: 0}
    - target: {fileID: 400000, guid: c88d8ed4385f1184a8fdd6d7fca8451e, type: 3}
      propertyPath: m_LocalRotation.x
      value: -0
      objectReference: {fileID: 0}
    - target: {fileID: 400000, guid: c88d8ed4385f1184a8fdd6d7fca8451e, type: 3}
      propertyPath: m_LocalRotation.y
      value: -0
      objectReference: {fileID: 0}
    - target: {fileID: 400000, guid: c88d8ed4385f1184a8fdd6d7fca8451e, type: 3}
      propertyPath: m_LocalRotation.z
      value: -0
      objectReference: {fileID: 0}
    - target: {fileID: 400000, guid: c88d8ed4385f1184a8fdd6d7fca8451e, type: 3}
      propertyPath: m_LocalRotation.w
      value: 1
      objectReference: {fileID: 0}
    - target: {fileID: 400000, guid: c88d8ed4385f1184a8fdd6d7fca8451e, type: 3}
      propertyPath: m_RootOrder
      value: 6
      objectReference: {fileID: 0}
    m_RemovedComponents: []
  m_SourcePrefab: {fileID: 100100000, guid: c88d8ed4385f1184a8fdd6d7fca8451e, type: 3}
--- !u!4 &1306202090 stripped
Transform:
  m_CorrespondingSourceObject: {fileID: 400000, guid: c88d8ed4385f1184a8fdd6d7fca8451e,
    type: 3}
  m_PrefabInstance: {fileID: 1306202089}
  m_PrefabAsset: {fileID: 0}
--- !u!1001 &1358482902
PrefabInstance:
  m_ObjectHideFlags: 0
  serializedVersion: 2
  m_Modification:
    m_TransformParent: {fileID: 122270761}
    m_Modifications:
    - target: {fileID: 400000, guid: ab6d83a1ba62f7f4283bf9b017a98aa9, type: 3}
      propertyPath: m_LocalPosition.x
      value: -1.2948351
      objectReference: {fileID: 0}
    - target: {fileID: 400000, guid: ab6d83a1ba62f7f4283bf9b017a98aa9, type: 3}
      propertyPath: m_LocalPosition.y
      value: -2.6331196
      objectReference: {fileID: 0}
    - target: {fileID: 400000, guid: ab6d83a1ba62f7f4283bf9b017a98aa9, type: 3}
      propertyPath: m_LocalPosition.z
      value: -4.6679134
      objectReference: {fileID: 0}
    - target: {fileID: 400000, guid: ab6d83a1ba62f7f4283bf9b017a98aa9, type: 3}
      propertyPath: m_LocalRotation.x
      value: -0
      objectReference: {fileID: 0}
    - target: {fileID: 400000, guid: ab6d83a1ba62f7f4283bf9b017a98aa9, type: 3}
      propertyPath: m_LocalRotation.y
      value: -0
      objectReference: {fileID: 0}
    - target: {fileID: 400000, guid: ab6d83a1ba62f7f4283bf9b017a98aa9, type: 3}
      propertyPath: m_LocalRotation.z
      value: -0
      objectReference: {fileID: 0}
    - target: {fileID: 400000, guid: ab6d83a1ba62f7f4283bf9b017a98aa9, type: 3}
      propertyPath: m_LocalRotation.w
      value: 1
      objectReference: {fileID: 0}
    - target: {fileID: 400000, guid: ab6d83a1ba62f7f4283bf9b017a98aa9, type: 3}
      propertyPath: m_RootOrder
      value: 10
      objectReference: {fileID: 0}
    m_RemovedComponents: []
  m_SourcePrefab: {fileID: 100100000, guid: ab6d83a1ba62f7f4283bf9b017a98aa9, type: 3}
--- !u!4 &1358482903 stripped
Transform:
  m_CorrespondingSourceObject: {fileID: 400000, guid: ab6d83a1ba62f7f4283bf9b017a98aa9,
    type: 3}
  m_PrefabInstance: {fileID: 1358482902}
  m_PrefabAsset: {fileID: 0}
--- !u!1001 &1416622405
PrefabInstance:
  m_ObjectHideFlags: 0
  serializedVersion: 2
  m_Modification:
    m_TransformParent: {fileID: 122270761}
    m_Modifications:
    - target: {fileID: 400000, guid: a4e817323b1568e479e84aad40b82fe5, type: 3}
      propertyPath: m_LocalPosition.x
      value: 12.1451645
      objectReference: {fileID: 0}
    - target: {fileID: 400000, guid: a4e817323b1568e479e84aad40b82fe5, type: 3}
      propertyPath: m_LocalPosition.y
      value: -2.6331196
      objectReference: {fileID: 0}
    - target: {fileID: 400000, guid: a4e817323b1568e479e84aad40b82fe5, type: 3}
      propertyPath: m_LocalPosition.z
      value: 3.6620867
      objectReference: {fileID: 0}
    - target: {fileID: 400000, guid: a4e817323b1568e479e84aad40b82fe5, type: 3}
      propertyPath: m_LocalRotation.x
      value: -0
      objectReference: {fileID: 0}
    - target: {fileID: 400000, guid: a4e817323b1568e479e84aad40b82fe5, type: 3}
      propertyPath: m_LocalRotation.y
      value: -0
      objectReference: {fileID: 0}
    - target: {fileID: 400000, guid: a4e817323b1568e479e84aad40b82fe5, type: 3}
      propertyPath: m_LocalRotation.z
      value: -0
      objectReference: {fileID: 0}
    - target: {fileID: 400000, guid: a4e817323b1568e479e84aad40b82fe5, type: 3}
      propertyPath: m_LocalRotation.w
      value: 1
      objectReference: {fileID: 0}
    - target: {fileID: 400000, guid: a4e817323b1568e479e84aad40b82fe5, type: 3}
      propertyPath: m_RootOrder
      value: 12
      objectReference: {fileID: 0}
    m_RemovedComponents: []
  m_SourcePrefab: {fileID: 100100000, guid: a4e817323b1568e479e84aad40b82fe5, type: 3}
--- !u!4 &1416622406 stripped
Transform:
  m_CorrespondingSourceObject: {fileID: 400000, guid: a4e817323b1568e479e84aad40b82fe5,
    type: 3}
  m_PrefabInstance: {fileID: 1416622405}
  m_PrefabAsset: {fileID: 0}
--- !u!1001 &1532755753
PrefabInstance:
  m_ObjectHideFlags: 0
  serializedVersion: 2
  m_Modification:
    m_TransformParent: {fileID: 122270761}
    m_Modifications:
    - target: {fileID: 400002, guid: 5b385a1cd37d2314ea914053597c89d8, type: 3}
      propertyPath: m_LocalPosition.x
      value: -2.5048351
      objectReference: {fileID: 0}
    - target: {fileID: 400002, guid: 5b385a1cd37d2314ea914053597c89d8, type: 3}
      propertyPath: m_LocalPosition.y
      value: -2.6331196
      objectReference: {fileID: 0}
    - target: {fileID: 400002, guid: 5b385a1cd37d2314ea914053597c89d8, type: 3}
      propertyPath: m_LocalPosition.z
      value: 9.702087
      objectReference: {fileID: 0}
    - target: {fileID: 400002, guid: 5b385a1cd37d2314ea914053597c89d8, type: 3}
      propertyPath: m_LocalRotation.x
      value: -0
      objectReference: {fileID: 0}
    - target: {fileID: 400002, guid: 5b385a1cd37d2314ea914053597c89d8, type: 3}
      propertyPath: m_LocalRotation.y
      value: -0
      objectReference: {fileID: 0}
    - target: {fileID: 400002, guid: 5b385a1cd37d2314ea914053597c89d8, type: 3}
      propertyPath: m_LocalRotation.z
      value: -0
      objectReference: {fileID: 0}
    - target: {fileID: 400002, guid: 5b385a1cd37d2314ea914053597c89d8, type: 3}
      propertyPath: m_LocalRotation.w
      value: 1
      objectReference: {fileID: 0}
    - target: {fileID: 400002, guid: 5b385a1cd37d2314ea914053597c89d8, type: 3}
      propertyPath: m_RootOrder
      value: 7
      objectReference: {fileID: 0}
    m_RemovedComponents: []
  m_SourcePrefab: {fileID: 100100000, guid: 5b385a1cd37d2314ea914053597c89d8, type: 3}
--- !u!4 &1532755754 stripped
Transform:
  m_CorrespondingSourceObject: {fileID: 400002, guid: 5b385a1cd37d2314ea914053597c89d8,
    type: 3}
  m_PrefabInstance: {fileID: 1532755753}
  m_PrefabAsset: {fileID: 0}
--- !u!1001 &1557907498
PrefabInstance:
  m_ObjectHideFlags: 0
  serializedVersion: 2
  m_Modification:
    m_TransformParent: {fileID: 122270761}
    m_Modifications:
    - target: {fileID: 400002, guid: e6d4a84da83060b4a80273fc9812140e, type: 3}
      propertyPath: m_LocalPosition.x
      value: 0.18516487
      objectReference: {fileID: 0}
    - target: {fileID: 400002, guid: e6d4a84da83060b4a80273fc9812140e, type: 3}
      propertyPath: m_LocalPosition.y
      value: -2.6331196
      objectReference: {fileID: 0}
    - target: {fileID: 400002, guid: e6d4a84da83060b4a80273fc9812140e, type: 3}
      propertyPath: m_LocalPosition.z
      value: 10.972087
      objectReference: {fileID: 0}
    - target: {fileID: 400002, guid: e6d4a84da83060b4a80273fc9812140e, type: 3}
      propertyPath: m_LocalRotation.x
      value: -0
      objectReference: {fileID: 0}
    - target: {fileID: 400002, guid: e6d4a84da83060b4a80273fc9812140e, type: 3}
      propertyPath: m_LocalRotation.y
      value: -0
      objectReference: {fileID: 0}
    - target: {fileID: 400002, guid: e6d4a84da83060b4a80273fc9812140e, type: 3}
      propertyPath: m_LocalRotation.z
      value: -0
      objectReference: {fileID: 0}
    - target: {fileID: 400002, guid: e6d4a84da83060b4a80273fc9812140e, type: 3}
      propertyPath: m_LocalRotation.w
      value: 1
      objectReference: {fileID: 0}
    - target: {fileID: 400002, guid: e6d4a84da83060b4a80273fc9812140e, type: 3}
      propertyPath: m_RootOrder
      value: 8
      objectReference: {fileID: 0}
    m_RemovedComponents: []
  m_SourcePrefab: {fileID: 100100000, guid: e6d4a84da83060b4a80273fc9812140e, type: 3}
--- !u!4 &1557907499 stripped
Transform:
  m_CorrespondingSourceObject: {fileID: 400002, guid: e6d4a84da83060b4a80273fc9812140e,
    type: 3}
  m_PrefabInstance: {fileID: 1557907498}
  m_PrefabAsset: {fileID: 0}
--- !u!1001 &1791811114
PrefabInstance:
  m_ObjectHideFlags: 0
  serializedVersion: 2
  m_Modification:
    m_TransformParent: {fileID: 122270761}
    m_Modifications:
    - target: {fileID: 400000, guid: b5784282590dd114196b959b210e205b, type: 3}
      propertyPath: m_LocalPosition.x
      value: 2.8754892
      objectReference: {fileID: 0}
    - target: {fileID: 400000, guid: b5784282590dd114196b959b210e205b, type: 3}
      propertyPath: m_LocalPosition.y
      value: -2.58509
      objectReference: {fileID: 0}
    - target: {fileID: 400000, guid: b5784282590dd114196b959b210e205b, type: 3}
      propertyPath: m_LocalPosition.z
      value: -0.32011104
      objectReference: {fileID: 0}
    - target: {fileID: 400000, guid: b5784282590dd114196b959b210e205b, type: 3}
      propertyPath: m_LocalRotation.x
      value: -0.7071068
      objectReference: {fileID: 0}
    - target: {fileID: 400000, guid: b5784282590dd114196b959b210e205b, type: 3}
      propertyPath: m_LocalRotation.y
      value: -0
      objectReference: {fileID: 0}
    - target: {fileID: 400000, guid: b5784282590dd114196b959b210e205b, type: 3}
      propertyPath: m_LocalRotation.z
      value: -0
      objectReference: {fileID: 0}
    - target: {fileID: 400000, guid: b5784282590dd114196b959b210e205b, type: 3}
      propertyPath: m_LocalRotation.w
      value: 0.7071067
      objectReference: {fileID: 0}
    - target: {fileID: 400000, guid: b5784282590dd114196b959b210e205b, type: 3}
      propertyPath: m_RootOrder
      value: 17
      objectReference: {fileID: 0}
    - target: {fileID: 400000, guid: b5784282590dd114196b959b210e205b, type: 3}
      propertyPath: m_LocalScale.y
      value: 75.50186
      objectReference: {fileID: 0}
    - target: {fileID: 400000, guid: b5784282590dd114196b959b210e205b, type: 3}
      propertyPath: m_LocalScale.z
      value: 99.99997
      objectReference: {fileID: 0}
    m_RemovedComponents: []
  m_SourcePrefab: {fileID: 100100000, guid: b5784282590dd114196b959b210e205b, type: 3}
--- !u!4 &1791811115 stripped
Transform:
  m_CorrespondingSourceObject: {fileID: 400000, guid: b5784282590dd114196b959b210e205b,
    type: 3}
  m_PrefabInstance: {fileID: 1791811114}
  m_PrefabAsset: {fileID: 0}
--- !u!1001 &1981690675
PrefabInstance:
  m_ObjectHideFlags: 0
  serializedVersion: 2
  m_Modification:
    m_TransformParent: {fileID: 122270761}
    m_Modifications:
    - target: {fileID: 400000, guid: 6909097d8f57dbd49a06f58149da8370, type: 3}
      propertyPath: m_LocalPosition.x
      value: 3.0951648
      objectReference: {fileID: 0}
    - target: {fileID: 400000, guid: 6909097d8f57dbd49a06f58149da8370, type: 3}
      propertyPath: m_LocalPosition.y
      value: -2.6331196
      objectReference: {fileID: 0}
    - target: {fileID: 400000, guid: 6909097d8f57dbd49a06f58149da8370, type: 3}
      propertyPath: m_LocalPosition.z
      value: -7.697913
      objectReference: {fileID: 0}
    - target: {fileID: 400000, guid: 6909097d8f57dbd49a06f58149da8370, type: 3}
      propertyPath: m_LocalRotation.x
      value: -0
      objectReference: {fileID: 0}
    - target: {fileID: 400000, guid: 6909097d8f57dbd49a06f58149da8370, type: 3}
      propertyPath: m_LocalRotation.y
      value: -0
      objectReference: {fileID: 0}
    - target: {fileID: 400000, guid: 6909097d8f57dbd49a06f58149da8370, type: 3}
      propertyPath: m_LocalRotation.z
      value: -0
      objectReference: {fileID: 0}
    - target: {fileID: 400000, guid: 6909097d8f57dbd49a06f58149da8370, type: 3}
      propertyPath: m_LocalRotation.w
      value: 1
      objectReference: {fileID: 0}
    - target: {fileID: 400000, guid: 6909097d8f57dbd49a06f58149da8370, type: 3}
      propertyPath: m_RootOrder
      value: 11
      objectReference: {fileID: 0}
    m_RemovedComponents: []
  m_SourcePrefab: {fileID: 100100000, guid: 6909097d8f57dbd49a06f58149da8370, type: 3}
--- !u!4 &1981690676 stripped
Transform:
  m_CorrespondingSourceObject: {fileID: 400000, guid: 6909097d8f57dbd49a06f58149da8370,
    type: 3}
  m_PrefabInstance: {fileID: 1981690675}
  m_PrefabAsset: {fileID: 0}
--- !u!1001 &1997924948
PrefabInstance:
  m_ObjectHideFlags: 0
  serializedVersion: 2
  m_Modification:
    m_TransformParent: {fileID: 122270761}
    m_Modifications:
    - target: {fileID: 400002, guid: 0f7b748312b882a45914edee977acb61, type: 3}
      propertyPath: m_LocalPosition.x
      value: -4.8648353
      objectReference: {fileID: 0}
    - target: {fileID: 400002, guid: 0f7b748312b882a45914edee977acb61, type: 3}
      propertyPath: m_LocalPosition.y
      value: -4.0331197
      objectReference: {fileID: 0}
    - target: {fileID: 400002, guid: 0f7b748312b882a45914edee977acb61, type: 3}
      propertyPath: m_LocalPosition.z
      value: -8.367913
      objectReference: {fileID: 0}
    - target: {fileID: 400002, guid: 0f7b748312b882a45914edee977acb61, type: 3}
      propertyPath: m_LocalRotation.x
      value: -0
      objectReference: {fileID: 0}
    - target: {fileID: 400002, guid: 0f7b748312b882a45914edee977acb61, type: 3}
      propertyPath: m_LocalRotation.y
      value: -0
      objectReference: {fileID: 0}
    - target: {fileID: 400002, guid: 0f7b748312b882a45914edee977acb61, type: 3}
      propertyPath: m_LocalRotation.z
      value: -0
      objectReference: {fileID: 0}
    - target: {fileID: 400002, guid: 0f7b748312b882a45914edee977acb61, type: 3}
      propertyPath: m_LocalRotation.w
      value: 1
      objectReference: {fileID: 0}
    - target: {fileID: 400002, guid: 0f7b748312b882a45914edee977acb61, type: 3}
      propertyPath: m_RootOrder
      value: 9
      objectReference: {fileID: 0}
    m_RemovedComponents: []
  m_SourcePrefab: {fileID: 100100000, guid: 0f7b748312b882a45914edee977acb61, type: 3}
--- !u!4 &1997924949 stripped
Transform:
  m_CorrespondingSourceObject: {fileID: 400002, guid: 0f7b748312b882a45914edee977acb61,
    type: 3}
  m_PrefabInstance: {fileID: 1997924948}
  m_PrefabAsset: {fileID: 0}
